@book{knuth1984tex,
  title={The {TeX}book},
  author={Knuth, Donald Ervin},
  year={1984},
  publisher={Addison-Wesley}
}

@article{einstein1905,
  author = {Einstein, Albert},
  title = {Does the Inertia of a Body Depend Upon Its Energy Content?},
  journal = {Annalen der Physik},
  volume = {18},
  pages = {639-641},
  year = {1905}
}